% Antifonar k Denni modlitbe cirkve - bibliografie

%% Liturgicke knihy

@book{ dmc2005,
title = "Denní modlitba církve",
location = "Kostelní Vydří",
publisher = "Karmelitánské nakladatelství",
year = "2005",
keywords = "litknihy"
}
@book{ dmc2005i,
crossref = "dmc2005",
volume = "I. Doba adventní a vánoční"
}
@book{ dmc2005ii,
crossref = "dmc2005",
volume = "II. Doba postní a velikonoční"
}
@book{ dmc2005iii,
crossref = "dmc2005",
volume = "III. Liturgické mezidobí 1. - 17. týden"
}
@book{ dmc2005iv,
crossref = "dmc2005",
volume = "IV. Liturgické mezidobí 18. - 34. týden"
}

@book{ hymnarcerveny,
author = "Česká liturgická komise",
title = "Denní modlitba církve. Hymny", 
location = "Praha",
year = "1989"
}
@book{ hymnarzeleny,
title = "Denní modlitba církve. Hymny a básnické modlitby", 
location = "Praha",
publisher = "Zvon",
year = "1993"
}

@book{ lhymnarius,
title = "Liber hymnarius cum invitatoriis et aliquibus responsoriis", 
location = "Solesmis",
year = "1983"
}

%% Clanky

